<?xml version="1.0" encoding="UTF-8"?><record xmlns="http://www.loc.gov/MARC21/slim" xmlns:cinclude="http://apache.org/cocoon/include/1.0" xmlns:zs="http://www.loc.gov/zing/srw/">
  <leader>01381cz  a2200301n  4500</leader>
  <controlfield tag="001">n  88102130 </controlfield>
  <controlfield tag="003">DLC</controlfield>
  <controlfield tag="005">20100114075228.0</controlfield>
  <controlfield tag="008">880927n| acannaabn          |b aaa      </controlfield>
  <datafield tag="010" ind1=" " ind2=" ">
    <subfield code="a">n  88102130 </subfield>
    <subfield code="z">nr 91023439 </subfield>
  </datafield>
  <datafield tag="035" ind1=" " ind2=" ">
    <subfield code="a">(OCoLC)oca02369092</subfield>
  </datafield>
  <datafield tag="040" ind1=" " ind2=" ">
    <subfield code="a">DLC</subfield>
    <subfield code="b">eng</subfield>
    <subfield code="c">DLC</subfield>
    <subfield code="d">OU</subfield>
    <subfield code="d">OCoLC</subfield>
  </datafield>
  <datafield tag="100" ind1="1" ind2=" ">
    <subfield code="a">Oyerbakh, Tsevi Binyamin,</subfield>
    <subfield code="d">1808-1872</subfield>
  </datafield>
  <datafield tag="400" ind1="1" ind2=" ">
    <subfield code="a">Auerbach, Ẓevi Benjamin,</subfield>
    <subfield code="d">1808-1872</subfield>
  </datafield>
  <datafield tag="400" ind1="1" ind2=" ">
    <subfield code="a">Auerbach, B. H.,</subfield>
    <subfield code="d">1808-1872</subfield>
  </datafield>
  <datafield tag="400" ind1="1" ind2=" ">
    <subfield code="a">Auerbach, Benjamin Hirsch,</subfield>
    <subfield code="d">1808-1872</subfield>
  </datafield>
  <datafield tag="400" ind1="1" ind2=" ">
    <subfield code="a">אויערבאך, צבי בנימין בן אברהם</subfield>
  </datafield>
  <datafield tag="400" ind1="1" ind2=" ">
    <subfield code="a">אויערבאך, צבי בנימין,</subfield>
    <subfield code="d">1808־1872</subfield>
  </datafield>
  <datafield tag="400" ind1="1" ind2=" ">
    <subfield code="a">אויערבך, בנימין</subfield>
  </datafield>
  <datafield tag="400" ind1="1" ind2=" ">
    <subfield code="a">אויערבך, בנימין,</subfield>
    <subfield code="d">1808־1872</subfield>
  </datafield>
  <datafield tag="400" ind1="1" ind2=" ">
    <subfield code="a">אויערבך, צבי בנימין</subfield>
  </datafield>
  <datafield tag="400" ind1="1" ind2=" ">
    <subfield code="a">אויערבך, צבי בנימין,</subfield>
    <subfield code="d">1808־1872</subfield>
  </datafield>
  <datafield tag="667" ind1=" " ind2=" ">
    <subfield code="a">Machine-derived non-Latin script reference project.</subfield>
  </datafield>
  <datafield tag="667" ind1=" " ind2=" ">
    <subfield code="a">Non-Latin script references not evaluated.</subfield>
  </datafield>
  <datafield tag="670" ind1=" " ind2=" ">
    <subfield code="a">Abraham ben Isaac, of Narbonne. Sefer ha-Eshkol, 1985 or 1986:</subfield>
    <subfield code="b">t.p. (ha-gaʼon R. Tsevi Binyamin Oyerbakh, zatsal; a.b.d. di-ḳ.ḳ. Halbershṭadṭ)</subfield>
  </datafield>
  <datafield tag="670" ind1=" " ind2=" ">
    <subfield code="a">Encyc. Judaica, 1971:</subfield>
    <subfield code="b">v. 3, col. 843 (Ẓevi Benjamin Auerbach; 1808-1872)</subfield>
  </datafield>
  <datafield tag="670" ind1=" " ind2=" ">
    <subfield code="a">Kofer ha-eshkol, 1910:</subfield>
    <subfield code="b">t.p. verso (Dr. B. H. Auerbach)</subfield>
  </datafield>
  <datafield tag="670" ind1=" " ind2=" ">
    <subfield code="a">Author's Lehrbuch der israelitischen Religion, 1893:</subfield>
    <subfield code="b">t.p. (B.H. Auerbach)</subfield>
  </datafield>
</record>